@article{1:article,
author   ="Sanja Fidler",
title    ="Bottom-up Segmentation for Top-down Detection",
journal  ="CVPR",
year     ="2013"
};

@book{2:book,
author    ="严明",
year      ="2013",
title     ="大学英语跨文化交际教程",
publisher ="清华大学出版社"
};
@misc{3:misc,
author       ="Patashnik",
title        ="BibTeX",
howpublished ="Website",
year         ="2010",
month        ="Mar",
note         ={\url{http://zh.wikipedia.org/wiki/BibTeX}}
};

